@inproceedings{haddam2020,
  author = {Haddam, Nassim and Cohen Boulakia, Benjamin and Barth, Dominique},
  title = {A Model-Free Reinforcement Learning Approach for the Energetic Control of a Building with Non-Stationary User Behaviour},
  booktitle = {2020 IEEE Conference on Control Technology and Applications (CCTA)},
  year = {2020},
  pages = {836-841},
  doi = {10.1109/CCTA41146.2020.9206338},
  url = {https://ieeexplore.ieee.org/document/9248550}
}

@article{ThePolicyGradientTheorem,
  author = {Sutton, Richard S. and McAllester, David and Singh, Satinder and Mansour, Yishay},
  title = {Policy Gradient Methods for Reinforcement Learning with Function Approximation},
  journal = {Advances in Neural Information Processing Systems},
  volume = {12},
  year = {2000},
  publisher = {MIT Press}
}